

@article{Orne.1959,
 author = {Orne, Martin T.},
 year = {1959},
 title = {The nature of hypnosis: Artifact and essence},
 pages = {277},
 volume = {58},
 number = {3},
 issn = {0096-851X},
 journal = {The Journal of abnormal and social Psychology}
}


@article{Camerer.1999,
 author = {Camerer, Colin and Lovallo, Dan},
 year = {1999},
 title = {Overconfidence and excess entry: An experimental approach},
 pages = {306--318},
 volume = {89},
 number = {1},
 issn = {0002-8282},
 journal = {American economic review}
}


@article{Hoffman.1996,
 author = {Hoffman, Elizabeth and McCabe, Kevin and Smith, Vernon L.},
 year = {1996},
 title = {Social distance and other-regarding behavior in dictator games},
 pages = {653--660},
 volume = {86},
 number = {3},
 issn = {0002-8282},
 journal = {The American economic review}
}


@article{Sefton.1992,
 author = {Sefton, Martin},
 year = {1992},
 title = {Incentives in simple bargaining games},
 pages = {263--276},
 volume = {13},
 number = {2},
 issn = {0167-4870},
 journal = {Journal of Economic Psychology}
}


@article{ReyBiel.2008,
 author = {Rey--Biel, Pedro},
 year = {2008},
 title = {Inequity aversion and team incentives},
 pages = {297--320},
 volume = {110},
 number = {2},
 issn = {0347-0520},
 journal = {scandinavian Journal of Economics}
}


@article{Roth.1991,
 author = {Roth, Alvin E. and Prasnikar, Vesna and Okuno-Fujiwara, Masahiro and Zamir, Shmuel},
 year = {1991},
 title = {Bargaining and market behavior in Jerusalem, Ljubljana, Pittsburgh, and Tokyo: An experimental study},
 pages = {1068--1095},
 issn = {0002-8282},
 journal = {The American economic review}
}


@article{Orne.1965,
 author = {Orne, Martin T. and Evans, Frederick J.},
 year = {1965},
 title = {Social control in the psychological experiment: Antisocial behavior and hypnosis},
 pages = {189},
 volume = {1},
 number = {3},
 issn = {1939-1315},
 journal = {Journal of Personality and Social Psychology}
}


@article{Camerer.1999b,
 author = {Camerer, Colin and Lovallo, Dan},
 year = {1999},
 title = {Overconfidence and excess entry: An experimental approach},
 pages = {306--318},
 volume = {89},
 number = {1},
 issn = {0002-8282},
 journal = {American economic review}
}


@article{List.2006,
 author = {List, John A.},
 year = {2006},
 title = {The behavioralist meets the market: Measuring social preferences and reputation effects in actual transactions},
 pages = {1--37},
 volume = {114},
 number = {1},
 issn = {0022-3808},
 journal = {Journal of political Economy}
}


@article{Cappelen.2015,
 author = {Cappelen, Alexander W. and Nygaard, Knut and S{\o}rensen, Erik {\O}. and Tungodden, Bertil},
 year = {2015},
 title = {Social preferences in the lab: A comparison of students and a representative population},
 pages = {1306--1326},
 volume = {117},
 number = {4},
 issn = {0347-0520},
 journal = {The Scandinavian Journal of Economics}
}


@article{Dufwenberg.2011,
 author = {Dufwenberg, Martin and G{\"a}chter, Simon and Hennig-Schmidt, Heike},
 year = {2011},
 title = {The framing of games and the psychology of play},
 pages = {459--478},
 volume = {73},
 number = {2},
 issn = {0899-8256},
 journal = {Games and Economic behavior}
}


@article{Camerer.2011,
 author = {Camerer, Colin},
 year = {2011},
 title = {The promise and success of lab-field generalizability in experimental economics: A critical reply to Levitt and List},
 journal = {Available at SSRN 1977749}
}


@article{Henrich.2001,
 author = {Henrich, Joseph and Boyd, Robert and Bowles, Samuel and Camerer, Colin and Fehr, Ernst and Gintis, Herbert and McElreath, Richard},
 year = {2001},
 title = {In search of homo economicus: behavioral experiments in 15 small-scale societies},
 pages = {73--78},
 volume = {91},
 number = {2},
 issn = {0002-8282},
 journal = {American economic review}
}


@article{Levitt.2007,
 author = {Levitt, Steven D. and List, John A.},
 year = {2007},
 title = {On the generalizability of lab behaviour to the field},
 pages = {347--370},
 volume = {40},
 number = {2},
 issn = {0008-4085},
 journal = {Canadian Journal of Economics/Revue canadienne d'{\'e}conomique}
}


@article{Blanco.2011,
 author = {Blanco, Mariana and Engelmann, Dirk and Normann, Hans Theo},
 year = {2011},
 title = {A within-subject analysis of other-regarding preferences},
 pages = {321--338},
 volume = {72},
 number = {2},
 issn = {0899-8256},
 journal = {Games and Economic behavior}
}


@article{Levitt.2008,
 author = {Levitt, Steven D. and List, John A.},
 year = {2008},
 title = {Homo economicus evolves},
 pages = {909--910},
 volume = {319},
 number = {5865},
 issn = {0036-8075},
 journal = {Science}
}


@article{Berg.1995,
 author = {Berg, Joyce and Dickhaut, John and McCabe, Kevin},
 year = {1995},
 title = {Trust, reciprocity, and social history},
 pages = {122--142},
 volume = {10},
 number = {1},
 issn = {0899-8256},
 journal = {Games and Economic behavior}
}


@article{Herrmann.2008,
 author = {Herrmann, Benedikt and Thoni, Christian and Gachter, Simon},
 year = {2008},
 title = {Antisocial punishment across societies},
 pages = {1362--1367},
 volume = {319},
 number = {5868},
 issn = {0036-8075},
 journal = {Science}
}


@article{Cherry.2002,
 author = {Cherry, Todd L. and Frykblom, Peter and Shogren, Jason F.},
 year = {2002},
 title = {Hardnose the dictator},
 pages = {1218--1221},
 volume = {92},
 number = {4},
 issn = {0002-8282},
 journal = {American economic review}
}


@article{Forsythe.1994,
 author = {Forsythe, Robert and Horowitz, Joel L. and Savin, Nathan E. and Sefton, Martin},
 year = {1994},
 title = {Fairness in simple bargaining experiments},
 pages = {347--369},
 volume = {6},
 number = {3},
 issn = {0899-8256},
 journal = {Games and Economic behavior}
}


@article{Bardsley.2008,
 author = {Bardsley, Nicholas},
 year = {2008},
 title = {Dictator game giving: altruism or artefact?},
 pages = {122--133},
 volume = {11},
 issn = {1386-4157},
 journal = {Experimental economics}
}


@article{Engelmann.2010,
 author = {Engelmann, Dirk and Normann, Hans-Theo},
 year = {2010},
 title = {Maximum effort in the minimum-effort game},
 pages = {249--259},
 volume = {13},
 issn = {1386-4157},
 journal = {Experimental economics}
}


@article{Camerer.1999c,
 author = {Camerer, Colin F. and Hogarth, Robin M.},
 year = {1999},
 title = {The effects of financial incentives in experiments: A review and capital-labor-production framework},
 pages = {7--42},
 volume = {19},
 issn = {0895-5646},
 journal = {Journal of risk and uncertainty}
}


@article{Levitt.2007b,
 author = {Levitt, Steven D. and List, John A.},
 year = {2007},
 title = {What do laboratory experiments measuring social preferences reveal about the real world?},
 pages = {153--174},
 volume = {21},
 number = {2},
 issn = {0895-3309},
 journal = {Journal of Economic perspectives}
}


@misc{AlUbaydli.2013,
 author = {Al-Ubaydli, Omar and List, John A.},
 year = {2013},
 title = {On the generalizability of experimental results in economics: With a response to Camerer},
 institution = {{National Bureau of Economic Research}}
}


@techreport{list2009,
  title={The economics of open air markets},
  author={List, John A},
  year={2009},
  institution={National Bureau of Economic Research}
}
@article{orne1959demand,
  title={The demand characteristics of an experimental design and their implications},
  author={Orne, Martin T},
  journal={American Psychological Association, Cincinnati},
  year={1959}
}
@article{orne1959nature,
  title={The nature of hypnosis: Artifact and essence.},
  author={Orne, Martin T},
  journal={The Journal of abnormal and social Psychology},
  volume={58},
  number={3},
  pages={277},
  year={1959},
  publisher={American Psychological Association}
}
@article{orne19621962,
  title={" On the social psychology of the psychological experiment: With particular reference to demand characteristics and their implications", American Psychologist 17: 776-783},
  author={Orne, Martin T},
  year={1962}
}
